@article{VISHNU20205672,
title = {Cohesive zone modeling of thin aluminium sheets},
journal = {Materials Today: Proceedings},
volume = {33},
pages = {5672-5677},
year = {2020},
note = {2nd International Conference on Processing and Characterization of Materials},
issn = {2214-7853},
doi = {https://doi.org/10.1016/j.matpr.2020.04.185},
url = {https://www.sciencedirect.com/science
/article/pii/S2214785320328005},
author = {O.S. Vishnu and Mahendra Gattu},
keywords = {Aluminium, Plane Stress, Cohesive-zone, Fracture Toughness, Essential-work-of-fracture, R-curve},
abstract = {Single edge notch (SEN) aluminium specimens of widths (D): 20, 40 and 50 mm are tested under uniaxial tensile loading for a strain rate of 0.005/min. The notch depth to width ratio (a/D = 0.25) and the gauge length to width ratio (L/D = 2.5) are constant for these tested specimens. The load versus deflection curves are analysed using cohesive crack model. The peak stress data are analysed using equivalent elastic crack model. The fracture energy Gf obtained from these approaches are compared. Uniaxial tensile testing of 50 mm width SEN specimens (L/D = 2.5) with ligament lengths of 2.5, 5, 7.5, 10, 12.5 and 15 mm is carried out. A linear regression fit between work of fracture per unit ligament area and ligament length is used to determine the essential work of fracture. An energy based approach involving fixed point iteration method to calculate the crack length at peak load is proposed.}
}




%======================================================
@article{SUNIL,
title = {Effect of radial hydride on delayed hydride cracking behaviour of Zr-2.5Nb pressure tube material},
journal = {Journal of Nuclear Materials},
volume = {542},
pages = {152457},
year = {2020},
issn = {0022-3115},
doi = {https://doi.org/10.1016/j.jnucmat.2020.152457},
url = {https://www.sciencedirect.com/science/article/pii/S0022311520310655},
author = {Saurav Sunil and Avinash Gopalan and A.K. Bind and R.K. Sharma and T.N. Murty and R.N. Singh}
}
%===================================================

%===================================================
@article{SHARMA2018546,
title = {Effect of radial hydride fraction on fracture toughness of CWSR Zr-2.5\%Nb pressure tube material between ambient and 300 °C temperatures},
journal = {Journal of Nuclear Materials},
volume = {508},
pages = {546-555},
year = {2018},
issn = {0022-3115},
doi = {https://doi.org/10.1016/j.jnucmat.2018.06.003},
url = {https://www.sciencedirect.com/science/article/pii/S002231151830120X},
author = {Rishi K. Sharma and A.K. Bind and G. Avinash and R.N. Singh and Asim Tewari and B.P. Kashyap},
keywords = {Zr-2.5\%Nb alloy, Pressure tube, Stress reorientation of hydrides, Radial hydrides, Hydride continuity coefficient (HCC), Fracture toughness and hydride embrittlement}
}
%===================================================

%=====================================================
@article{SIMON2021152817,
title = {Quantifying the effect of hydride microstructure on zirconium alloys embrittlement using image analysis},
journal = {Journal of Nuclear Materials},
volume = {547},
pages = {152817},
year = {2021},
issn = {0022-3115},
doi = {https://doi.org/10.1016/j.jnucmat.2021.152817},
url = {https://www.sciencedirect.com/science/article/pii/S0022311521000404},
author = {Pierre-Clément A. Simon and Cailon Frank and Long-Qing Chen and Mark R. Daymond and Michael R. Tonks and Arthur T. Motta},
keywords = {Zirconium hydrides, Radial hydride fraction, Hydride continuity, Cladding embrittlement, Genetic algorithm}
}
%===================================================


%===========================================
@article{COLAS2013586,
title = {Effect of thermo-mechanical cycling on zirconium hydride reorientation studied in situ with synchrotron X-ray diffraction},
journal = {Journal of Nuclear Materials},
volume = {440},
number = {1},
pages = {586-595},
year = {2013},
issn = {0022-3115},
doi = {https://doi.org/10.1016/j.jnucmat.2013.04.047},
url = {https://www.sciencedirect.com/science/article/pii/S0022311513006557},
author = {Kimberly B. Colas and Arthur T. Motta and Mark R. Daymond and Jonathan D. Almer}
}
%===================================================

%===================================================
@article{MOTTA,
title = {Hydrogen in zirconium alloys: A review},
journal = {Journal of Nuclear Materials},
volume = {518},
pages = {440-460},
year = {2019},
issn = {0022-3115},
doi = {https://doi.org/10.1016/j.jnucmat.2019.02.042},
url = {https://www.sciencedirect.com/science/article/pii/S0022311518316763},
author = {Arthur T. Motta and Laurent Capolungo and Long-Qing Chen and Mahmut Nedim Cinbiz and Mark R. Daymond and Donald A. Koss and Evrard Lacroix and Giovanni Pastore and Pierre-Clément A. Simon and Michael R. Tonks and Brian D. Wirth and Mohammed A. Zikry}
}
%===================================================

%===================================================
@article{thesis,
title = {Phase field modeling and quantification of zirconium hydride morphology},
journal = {Doctor of Philosophy Dissertation},
pages = {1-155},
year = {2021},
url = {https://etda.libraries.psu.edu/files/final_submissions/23359},
author = {Pierre-Clément A. Simon}}